@ARTICLE{mase,
       author = {{Bochanski}, John J. and {Hennawi}, Joseph F. and {Simcoe}, Robert A. and
         {Prochaska}, J. Xavier and {West}, Andrew A. and {Burgasser}, Adam J. and
         {Burles}, Scott M. and {Bernstein}, Rebecca A. and
         {Williams}, Christopher L. and {Murphy}, Michael T.},
        title = "{MASE: A New Data-Reduction Pipeline for the Magellan Echellette Spectrograph}",
      journal = {Publications of the Astronomical Society of the Pacific},
     keywords = {Astrophysics - Instrumentation and Methods for Astrophysics},
         year = 2009,
        month = dec,
       volume = {121},
       number = {886},
        pages = {1409},
          doi = {10.1086/648597},
archivePrefix = {arXiv},
       eprint = {0910.1834},
 primaryClass = {astro-ph.IM},
       adsurl = {https://ui.adsabs.harvard.edu/abs/2009PASP..121.1409B},
      adsnote = {Provided by the SAO/NASA Astrophysics Data System}
}

@ARTICLE{mike,
       author = {{Bernstein}, Rebecca M. and {Burles}, Scott M. and
         {Prochaska}, J. Xavier},
        title = "{Data Reduction with the MIKE Spectrometer}",
      journal = {Publications of the Astronomical Society of the Pacific},
     keywords = {Astrophysics - Instrumentation and Methods for Astrophysics},
         year = 2015,
        month = sep,
       volume = {127},
       number = {955},
        pages = {911},
          doi = {10.1086/683015},
archivePrefix = {arXiv},
       eprint = {1506.08864},
 primaryClass = {astro-ph.IM},
       adsurl = {https://ui.adsabs.harvard.edu/abs/2015PASP..127..911B},
      adsnote = {Provided by the SAO/NASA Astrophysics Data System}
}

@ARTICLE{hsyu2018,
       author = {{Hsyu}, Tiffany and {Cooke}, Ryan J. and {Prochaska}, J. Xavier and
         {Bolte}, Michael},
        title = "{Searching for the Lowest-metallicity Galaxies in the Local Universe}",
      journal = {The Astrophysical Journal},
     keywords = {galaxies: abundances, galaxies: dwarf, galaxies: evolution},
         year = 2018,
        month = aug,
       volume = {863},
       number = {2},
          eid = {134},
        pages = {134},
          doi = {10.3847/1538-4357/aad18a},
       adsurl = {https://ui.adsabs.harvard.edu/abs/2018ApJ...863..134H},
      adsnote = {Provided by the SAO/NASA Astrophysics Data System}
}

@ARTICLE{eilers2018,
       author = {{Eilers}, Anna-Christina and {Hennawi}, Joseph F. and
         {Davies}, Frederick B.},
        title = "{First Spectroscopic Study of a Young Quasar}",
      journal = {The Astrophysical Journal},
     keywords = {dark ages, reionization, first stars, intergalactic medium, quasars: absorption lines, quasars: emission lines, quasars: supermassive black holes, Astrophysics - Astrophysics of Galaxies, Astrophysics - Cosmology and Nongalactic Astrophysics},
         year = 2018,
        month = nov,
       volume = {867},
       number = {1},
          eid = {30},
        pages = {30},
          doi = {10.3847/1538-4357/aae081},
archivePrefix = {arXiv},
       eprint = {1806.05691},
 primaryClass = {astro-ph.GA},
       adsurl = {https://ui.adsabs.harvard.edu/abs/2018ApJ...867...30E},
      adsnote = {Provided by the SAO/NASA Astrophysics Data System}
}

@ARTICLE{eilers2020,
       author = {{Eilers}, Anna-Christina and {Hennawi}, Joseph F. and
         {Decarli}, Roberto and {Davies}, Frederick B. and {Venemans}, Bram and
         {Walter}, Fabian and {Ba{\~n}ados}, Eduardo and {Fan}, Xiaohui and
         {Farina}, Emanuele P. and {Mazzucchelli}, Chiara and {Novak}, Mladen and
         {Schindler}, Jan-Torge and {Simcoe}, Robert A. and {Wang}, Feige and
         {Yang}, Jinyi},
        title = "{Detecting and Characterizing Young Quasars. I. Systemic Redshifts and Proximity Zone Measurements}",
      journal = {The Astrophysical Journal},
     keywords = {Quasars, Supermassive black holes, Reionization, Intergalactic medium, Quasar absorption line spectroscopy, 1319, 1663, 1383, 813, 1317, Astrophysics - Astrophysics of Galaxies, Astrophysics - Cosmology and Nongalactic Astrophysics},
         year = 2020,
        month = sep,
       volume = {900},
       number = {1},
          eid = {37},
        pages = {37},
          doi = {10.3847/1538-4357/aba52e},
archivePrefix = {arXiv},
       eprint = {2002.01811},
 primaryClass = {astro-ph.GA},
       adsurl = {https://ui.adsabs.harvard.edu/abs/2020ApJ...900...37E},
      adsnote = {Provided by the SAO/NASA Astrophysics Data System}
}

@ARTICLE{spit,
       author = {{Jankov}, Viktor and {Prochaska}, J. Xavier},
        title = "{Spectral Image Classification with Deep Learning}",
      journal = {Publications of the Astronomical Society of the Pacific},
         year = 2018,
        month = jul,
       volume = {130},
       number = {991},
        pages = {094501},
          doi = {10.1088/1538-3873/aace98},
       adsurl = {https://ui.adsabs.harvard.edu/abs/2018PASP..130i4501J},
      adsnote = {Provided by the SAO/NASA Astrophysics Data System}
}

@ARTICLE{kelson2003,
       author = {{Kelson}, Daniel D.},
        title = "{Optimal Techniques in Two-dimensional Spectroscopy: Background Subtraction for the 21st Century}",
      journal = {Publications of the Astronomical Society of the Pacific},
     keywords = {Methods: Data Analysis, Techniques: Spectroscopic, Astrophysics},
         year = 2003,
        month = jun,
       volume = {115},
       number = {808},
        pages = {688-699},
          doi = {10.1086/375502},
archivePrefix = {arXiv},
       eprint = {astro-ph/0303507},
 primaryClass = {astro-ph},
       adsurl = {https://ui.adsabs.harvard.edu/abs/2003PASP..115..688K},
      adsnote = {Provided by the SAO/NASA Astrophysics Data System}
}

@ARTICLE{wang2020,
       author = {{Wang}, Feige and {Davies}, Frederick B. and {Yang}, Jinyi and
         {Hennawi}, Joseph F. and {Fan}, Xiaohui and {Barth}, Aaron J. and
         {Jiang}, Linhua and {Wu}, Xue-Bing and {Mudd}, Dale M. and
         {Ba{\~n}ados}, Eduardo and {Bian}, Fuyan and {Decarli}, Roberto and
         {Eilers}, Anna-Christina and {Farina}, Emanuele Paolo and
         {Venemans}, Bram and {Walter}, Fabian and {Yue}, Minghao},
        title = "{A Significantly Neutral Intergalactic Medium Around the Luminous z = 7 Quasar J0252-0503}",
      journal = {The Astrophysical Journal},
     keywords = {Intergalactic medium, Quasars, Quasar absorption line spectroscopy, Reionization, Supermassive black holes, Early universe, 813, 1319, 1317, 1383, 1663, 435, Astrophysics - Astrophysics of Galaxies, Astrophysics - Cosmology and Nongalactic Astrophysics},
         year = 2020,
        month = jun,
       volume = {896},
       number = {1},
          eid = {23},
        pages = {23},
          doi = {10.3847/1538-4357/ab8c45},
archivePrefix = {arXiv},
       eprint = {2004.10877},
 primaryClass = {astro-ph.GA},
       adsurl = {https://ui.adsabs.harvard.edu/abs/2020ApJ...896...23W},
      adsnote = {Provided by the SAO/NASA Astrophysics Data System}
}

@ARTICLE{yang2020a,
       author = {{Yang}, Jinyi and {Wang}, Feige and {Fan}, Xiaohui and
         {Hennawi}, Joseph F. and {Davies}, Frederick B. and {Yue}, Minghao and
         {Banados}, Eduardo and {Wu}, Xue-Bing and {Venemans}, Bram and
         {Barth}, Aaron J. and {Bian}, Fuyan and {Boutsia}, Konstantina and
         {Decarli}, Roberto and {Farina}, Emanuele Paolo and {Green}, Richard and
         {Jiang}, Linhua and {Li}, Jiang-Tao and {Mazzucchelli}, Chiara and
         {Walter}, Fabian},
        title = "{P{\={o}}niu{\={a}}'ena: A Luminous z = 7.5 Quasar Hosting a 1.5 Billion Solar Mass Black Hole}",
      journal = {The Astrophysical Journal Letters},
     keywords = {435, 1383, 813, 1319, 1663, 1317, Astrophysics - Astrophysics of Galaxies},
         year = 2020,
        month = jul,
       volume = {897},
       number = {1},
          eid = {L14},
        pages = {L14},
          doi = {10.3847/2041-8213/ab9c26},
archivePrefix = {arXiv},
       eprint = {2006.13452},
 primaryClass = {astro-ph.GA},
       adsurl = {https://ui.adsabs.harvard.edu/abs/2020ApJ...897L..14Y},
      adsnote = {Provided by the SAO/NASA Astrophysics Data System}
}

@ARTICLE{yang2020b,
       author = {{Yang}, Jinyi and {Wang}, Feige and {Fan}, Xiaohui and
         {Hennawi}, Joseph F. and {Davies}, Frederick B. and {Yue}, Minghao and
         {Eilers}, Anna-Christina and {Farina}, Emanuele P. and {Wu}, Xue-Bing and
         {Bian}, Fuyan and {Pacucci}, Fabio and {Lee}, Khee-Gan},
        title = "{Measurements of the z \raisebox{-0.5ex}\textasciitilde 6 Intergalactic Medium Optical Depth and Transmission Spikes Using a New z > 6.3 Quasar Sample}",
      journal = {arXiv e-prints},
     keywords = {Astrophysics - Astrophysics of Galaxies},
         year = 2020,
        month = sep,
          eid = {arXiv:2009.13544},
        pages = {arXiv:2009.13544},
archivePrefix = {arXiv},
       eprint = {2009.13544},
 primaryClass = {astro-ph.GA},
       adsurl = {https://ui.adsabs.harvard.edu/abs/2020arXiv200913544Y},
      adsnote = {Provided by the SAO/NASA Astrophysics Data System}
}

@ARTICLE{pelliccia2020,
       author = {{Pelliccia}, Debora and {Strait}, Victoria and {Lemaux}, Brian and
         {Bradac}, Marusa and {Coe}, Dan and {Bolan}, Patricia and
         {Bradley}, Larry and {Frye}, Brenda and {Gandhi}, Pratik and
         {Mainali}, Ramesh and {Mason}, Charlotte and {Ouchi}, Masami and
         {Sharon}, Keren and {Trenti}, Michele and {Zitrin}, Adi},
        title = "{RELICS-DP7: Spectroscopic Confirmation of a Dichromatic Primeval Galaxy at z \raisebox{-0.5ex}\textasciitilde 7}",
      journal = {arXiv e-prints},
     keywords = {Astrophysics - Astrophysics of Galaxies},
         year = 2020,
        month = nov,
          eid = {arXiv:2011.08857},
        pages = {arXiv:2011.08857},
archivePrefix = {arXiv},
       eprint = {2011.08857},
 primaryClass = {astro-ph.GA},
       adsurl = {https://ui.adsabs.harvard.edu/abs/2020arXiv201108857P},
      adsnote = {Provided by the SAO/NASA Astrophysics Data System}
}
