@ARTICLE{lammer:2007,
       author = {{Lammer}, Helmut and {Lichtenegger}, Herbert I.~M. and
         {Kulikov}, Yuri N. and {Grie{\ss}meier}, Jean-Mathias and {Terada}, N. and
         {Erkaev}, Nikolai V. and {Biernat}, Helfried K. and
         {Khodachenko}, Maxim L. and {Ribas}, Ignasi and {Penz}, Thomas and
         {Selsis}, Franck},
        title = "{Coronal Mass Ejection (CME) Activity of Low Mass M Stars as An Important Factor for The Habitability of Terrestrial Exoplanets. II. CME-Induced Ion Pick Up of Earth-like Exoplanets in Close-In Habitable Zones}",
      journal = {Astrobiology},
         year = 2007,
        month = feb,
       volume = {7},
       number = {1},
        pages = {185-207},
          doi = {10.1089/ast.2006.0128},
       adsurl = {https://ui.adsabs.harvard.edu/abs/2007AsBio...7..185L},
      adsnote = {Provided by the SAO/NASA Astrophysics Data System}
}

@ARTICLE{venot:2016,
       author = {{Venot}, Olivia and {Rocchetto}, Marco and {Carl}, Shaun and
         {Roshni Hashim}, Aysha and {Decin}, Leen},
        title = "{Influence of Stellar Flares on the Chemical Composition of Exoplanets and Spectra}",
      journal = {\apj},
     keywords = {astrochemistry, planets and satellites: atmospheres, planets and satellites: composition, stars: flare, Astrophysics - Earth and Planetary Astrophysics},
         year = 2016,
        month = oct,
       volume = {830},
       number = {2},
          eid = {77},
        pages = {77},
          doi = {10.3847/0004-637X/830/2/77},
archivePrefix = {arXiv},
       eprint = {1607.08147},
 primaryClass = {astro-ph.EP},
       adsurl = {https://ui.adsabs.harvard.edu/abs/2016ApJ...830...77V},
      adsnote = {Provided by the SAO/NASA Astrophysics Data System}
}

@ARTICLE{guenther:2020,
       author = {{G{\"u}nther}, Maximilian N. and {Zhan}, Zhuchang and {Seager}, Sara and
         {Rimmer}, Paul B. and {Ranjan}, Sukrit and {Stassun}, Keivan G. and
         {Oelkers}, Ryan J. and {Daylan}, Tansu and {Newton}, Elisabeth and
         {Kristiansen}, Martti H. and {Olah}, Katalin and {Gillen}, Edward and
         {Rappaport}, Saul and {Ricker}, George R. and {Vanderspek}, Roland K. and
         {Latham}, David W. and {Winn}, Joshua N. and {Jenkins}, Jon M. and
         {Glidden}, Ana and {Fausnaugh}, Michael and {Levine}, Alan M. and
         {Dittmann}, Jason A. and {Quinn}, Samuel N. and
         {Krishnamurthy}, Akshata and {Ting}, Eric B.},
        title = "{Stellar Flares from the First TESS Data Release: Exploring a New Sample of M Dwarfs}",
      journal = {\aj},
     keywords = {Astrophysics - Earth and Planetary Astrophysics},
         year = 2020,
        month = feb,
       volume = {159},
       number = {2},
          eid = {60},
        pages = {60},
          doi = {10.3847/1538-3881/ab5d3a},
archivePrefix = {arXiv},
       eprint = {1901.00443},
 primaryClass = {astro-ph.EP},
       adsurl = {https://ui.adsabs.harvard.edu/abs/2020AJ....159...60G},
      adsnote = {Provided by the SAO/NASA Astrophysics Data System}
}



@ARTICLE{Feinstein:2020,
       author = {{Feinstein}, Adina D. and {Montet}, Benjamin T. and {Ansdell}, Megan and
         {Nord}, Brian and {Bean}, Jacob L. and {G{\"u}nther}, Maximilian N. and
         {Gully-Santiago}, Michael A. and {Schlieder}, Joshua E.},
        title = "{Flare Statistics for Young Stars from a Convolutional Neural Network Analysis of $\textit{TESS}$ Data}",
      journal = {arXiv e-prints},
     keywords = {Astrophysics - Solar and Stellar Astrophysics, Astrophysics - Instrumentation and Methods for Astrophysics},
         year = 2020,
        month = may,
          eid = {arXiv:2005.07710},
        pages = {arXiv:2005.07710},
archivePrefix = {arXiv},
       eprint = {2005.07710},
 primaryClass = {astro-ph.SR},
       adsurl = {https://ui.adsabs.harvard.edu/abs/2020arXiv200507710F},
      adsnote = {Provided by the SAO/NASA Astrophysics Data System}
}

@MISC{lightkurve,
   author = {{Lightkurve Collaboration} and {Cardoso}, J.~V.~d.~M. and
             {Hedges}, C. and {Gully-Santiago}, M. and {Saunders}, N. and
             {Cody}, A.~M. and {Barclay}, T. and {Hall}, O. and
             {Sagear}, S. and {Turtelboom}, E. and {Zhang}, J. and
             {Tzanidakis}, A. and {Mighell}, K. and {Coughlin}, J. and
             {Bell}, K. and {Berta-Thompson}, Z. and {Williams}, P. and
             {Dotson}, J. and {Barentsen}, G.},
    title = "{Lightkurve: Kepler and TESS time series analysis in Python}",
 keywords = {Software, NASA},
howpublished = {Astrophysics Source Code Library},
     year = 2018,
    month = dec,
archivePrefix = "ascl",
   eprint = {1812.013},
   adsurl = {http://adsabs.harvard.edu/abs/2018ascl.soft12013L},
}

@ARTICLE{vida18,
       author = {{Vida}, Kriszti{\'a}n and {Roettenbacher}, Rachael M.},
        title = "{Finding flares in Kepler data using machine-learning tools}",
      journal = {\aap},
     keywords = {methods: data analysis, techniques: photometric, stars: activity, stars: flare, stars: late-type, stars: low-mass, Astrophysics - Solar and Stellar Astrophysics, Astrophysics - Instrumentation and Methods for Astrophysics},
         year = "2018",
        month = "Sep",
       volume = {616},
          eid = {A163},
        pages = {A163},
          doi = {10.1051/0004-6361/201833194},
archivePrefix = {arXiv},
       eprint = {1806.00334},
 primaryClass = {astro-ph.SR},
       adsurl = {https://ui.adsabs.harvard.edu/abs/2018A&A...616A.163V},
      adsnote = {Provided by the SAO/NASA Astrophysics Data System}
}

@ARTICLE{allesfitter,
       author = {{G{\"u}nther}, Maximilian N. and {Daylan}, Tansu},
        title = "{Allesfitter: Flexible Star and Exoplanet Inference From Photometry and Radial Velocity}",
      journal = {arXiv e-prints},
     keywords = {Astrophysics - Earth and Planetary Astrophysics, Astrophysics - Instrumentation and Methods for Astrophysics, Astrophysics - Solar and Stellar Astrophysics},
         year = 2020,
        month = mar,
          eid = {arXiv:2003.14371},
        pages = {arXiv:2003.14371},
archivePrefix = {arXiv},
       eprint = {2003.14371},
 primaryClass = {astro-ph.EP},
       adsurl = {https://ui.adsabs.harvard.edu/abs/2020arXiv200314371G},
      adsnote = {Provided by the SAO/NASA Astrophysics Data System}
}

@ARTICLE{Davenport:2016,
       author = {{Davenport}, James R.~A.},
        title = "{The Kepler Catalog of Stellar Flares}",
      journal = {\apj},
     keywords = {stars: activity, stars: flare, Astrophysics - Solar and Stellar Astrophysics},
         year = 2016,
        month = sep,
       volume = {829},
       number = {1},
          eid = {23},
        pages = {23},
          doi = {10.3847/0004-637X/829/1/23},
archivePrefix = {arXiv},
       eprint = {1607.03494},
 primaryClass = {astro-ph.SR},
       adsurl = {https://ui.adsabs.harvard.edu/abs/2016ApJ...829...23D},
      adsnote = {Provided by the SAO/NASA Astrophysics Data System}
}

@ARTICLE{zuckerman:2004,
   author = {{Zuckerman}, B. and {Song}, I. and {Bessell}, M.~S.},
    title = "{The AB Doradus Moving Group}",
  journal = {\apjl},
 keywords = {Galaxy: Open Clusters and Associations: Individual: Name: AB Doradus moving group, Stars: Kinematics, Stars: Pre-Main-Sequence},
     year = 2004,
    month = sep,
   volume = 613,
    pages = {L65-L68},
      doi = {10.1086/425036},
   adsurl = {http://adsabs.harvard.edu/abs/2004ApJ...613L..65Z},
  adsnote = {Provided by the SAO/NASA Astrophysics Data System}
}

@ARTICLE{ilin:2019,
       author = {{Ilin}, Ekaterina and {Schmidt}, Sarah J. and {Davenport}, James R.~A. and
         {Strassmeier}, Klaus G.},
        title = "{Flares in open clusters with K2 . I. M 45 (Pleiades), M 44 (Praesepe), and M 67}",
      journal = {\aap},
     keywords = {methods: data analysis, stars: activity, stars: flare, stars: low-mass, Astrophysics - Solar and Stellar Astrophysics},
         year = 2019,
        month = feb,
       volume = {622},
          eid = {A133},
        pages = {A133},
          doi = {10.1051/0004-6361/201834400},
archivePrefix = {arXiv},
       eprint = {1812.06725},
 primaryClass = {astro-ph.SR},
       adsurl = {https://ui.adsabs.harvard.edu/abs/2019A&A...622A.133I},
      adsnote = {Provided by the SAO/NASA Astrophysics Data System}
}

@ARTICLE{borucki:2010,
       author = {{Borucki}, William J. and {Koch}, David and {Basri}, Gibor and
         {Batalha}, Natalie and {Brown}, Timothy and {Caldwell}, Douglas and
         {Caldwell}, John and {Christensen-Dalsgaard}, J{\o}rgen and
         {Cochran}, William D. and {DeVore}, Edna and {Dunham}, Edward W. and
         {Dupree}, Andrea K. and {Gautier}, Thomas N. and {Geary}, John C. and
         {Gilliland}, Ronald and {Gould}, Alan and {Howell}, Steve B. and
         {Jenkins}, Jon M. and {Kondo}, Yoji and {Latham}, David W. and
         {Marcy}, Geoffrey W. and {Meibom}, S{\o}ren and {Kjeldsen}, Hans and
         {Lissauer}, Jack J. and {Monet}, David G. and {Morrison}, David and
         {Sasselov}, Dimitar and {Tarter}, Jill and {Boss}, Alan and
         {Brownlee}, Don and {Owen}, Toby and {Buzasi}, Derek and
         {Charbonneau}, David and {Doyle}, Laurance and {Fortney}, Jonathan and
         {Ford}, Eric B. and {Holman}, Matthew J. and {Seager}, Sara and
         {Steffen}, Jason H. and {Welsh}, William F. and {Rowe}, Jason and
         {Anderson}, Howard and {Buchhave}, Lars and {Ciardi}, David and
         {Walkowicz}, Lucianne and {Sherry}, William and {Horch}, Elliott and
         {Isaacson}, Howard and {Everett}, Mark E. and {Fischer}, Debra and
         {Torres}, Guillermo and {Johnson}, John Asher and {Endl}, Michael and
         {MacQueen}, Phillip and {Bryson}, Stephen T. and {Dotson}, Jessie and
         {Haas}, Michael and {Kolodziejczak}, Jeffrey and {Van Cleve}, Jeffrey and
         {Chandrasekaran}, Hema and {Twicken}, Joseph D. and
         {Quintana}, Elisa V. and {Clarke}, Bruce D. and {Allen}, Christopher and
         {Li}, Jie and {Wu}, Haley and {Tenenbaum}, Peter and
         {Verner}, Ekaterina and {Bruhweiler}, Frederick and {Barnes}, Jason and
         {Prsa}, Andrej},
        title = "{Kepler Planet-Detection Mission: Introduction and First Results}",
      journal = {Science},
     keywords = {ASTRONOMY},
         year = 2010,
        month = feb,
       volume = {327},
       number = {5968},
        pages = {977},
          doi = {10.1126/science.1185402},
       adsurl = {https://ui.adsabs.harvard.edu/abs/2010Sci...327..977B},
      adsnote = {Provided by the SAO/NASA Astrophysics Data System}
}

@INPROCEEDINGS{ricker:2014,
       author = {{Ricker}, George R. and {Winn}, Joshua N. and {Vanderspek}, Roland and
         {Latham}, David W. and {Bakos}, G{\'a}sp{\'a}r. {\'A}. and
         {Bean}, Jacob L. and {Berta-Thompson}, Zachory K. and
         {Brown}, Timothy M. and {Buchhave}, Lars and {Butler}, Nathaniel R. and
         {Butler}, R. Paul and {Chaplin}, William J. and {Charbonneau}, David and
         {Christensen-Dalsgaard}, J{\o}rgen and {Clampin}, Mark and
         {Deming}, Drake and {Doty}, John and {De Lee}, Nathan and
         {Dressing}, Courtney and {Dunham}, E.~W. and {Endl}, Michael and
         {Fressin}, Francois and {Ge}, Jian and {Henning}, Thomas and
         {Holman}, Matthew J. and {Howard}, Andrew W. and {Ida}, Shigeru and
         {Jenkins}, Jon and {Jernigan}, Garrett and {Johnson}, John A. and
         {Kaltenegger}, Lisa and {Kawai}, Nobuyuki and {Kjeldsen}, Hans and
         {Laughlin}, Gregory and {Levine}, Alan M. and {Lin}, Douglas and
         {Lissauer}, Jack J. and {MacQueen}, Phillip and {Marcy}, Geoffrey and
         {McCullough}, P.~R. and {Morton}, Timothy D. and {Narita}, Norio and
         {Paegert}, Martin and {Palle}, Enric and {Pepe}, Francesco and
         {Pepper}, Joshua and {Quirrenbach}, Andreas and {Rinehart}, S.~A. and
         {Sasselov}, Dimitar and {Sato}, Bun'ei and {Seager}, Sara and
         {Sozzetti}, Alessandro and {Stassun}, Keivan G. and {Sullivan}, Peter and
         {Szentgyorgyi}, Andrew and {Torres}, Guillermo and {Udry}, Stephane and
         {Villasenor}, Joel},
        title = "{Transiting Exoplanet Survey Satellite (TESS)}",
     keywords = {Astrophysics - Earth and Planetary Astrophysics, Astrophysics - Solar and Stellar Astrophysics},
    booktitle = {\procspie},
         year = 2014,
       series = {Society of Photo-Optical Instrumentation Engineers (SPIE) Conference Series},
       volume = {9143},
        month = aug,
          eid = {914320},
        pages = {914320},
          doi = {10.1117/12.2063489},
archivePrefix = {arXiv},
       eprint = {1406.0151},
 primaryClass = {astro-ph.EP},
       adsurl = {https://ui.adsabs.harvard.edu/abs/2014SPIE.9143E..20R},
      adsnote = {Provided by the SAO/NASA Astrophysics Data System}
}

