@article{ondov2015fast,
  title={Fast genome and metagenome distance estimation using MinHash},
  author={Ondov, Brian D and Treangen, Todd J and Mallonee, Adam B and Bergman, Nicholas H and Koren, Sergey and Phillippy, Adam M},
  journal={bioRxiv},
  pages={029827},
  year={2015},
  publisher={Cold Spring Harbor Labs Journals},
  doi={10.1101/029827},
  url={https://doi.org/10.1101/029827}
}
