@techreport{Forum1994,
  author = {Forum, Message P},
  title = {MPI: A Message-Passing Interface Standard},
  year = {1994},
  source = {http://www.ncstrl.org:8900/ncstrl/servlet/search?formname=detail\&id=oai%3Ancstrlh%3Autk_cs%3Ancstrl.utk_cs%2F%2FUT-CS-94-230},
  publisher = {University of Tennessee},
  address = {Knoxville, TN, USA},
}

@InProceedings{Gabriel2004,
  author       = {Edgar Gabriel and Graham E. Fagg and George Bosilca
                  and Thara Angskun and Jack J. Dongarra and Jeffrey
                  M. Squyres and Vishal Sahay and Prabhanjan Kambadur
                  and Brian Barrett and Andrew Lumsdaine and Ralph
                  H. Castain and David J. Daniel and Richard L. Graham
                  and Timothy S. Woodall },
  title        = {Open {MPI}: Goals, Concept, and Design of a Next
                  Generation {MPI} Implementation},
  booktitle    = {Proceedings, 11th European PVM/MPI Users' Group
                  Meeting},
  year         = 2004,
  address      = {Budapest, Hungary},
  pages        = {97--104},
  month        = {September}
}

@article{Dalcin2005,
  title = "MPI for Python",
  journal = "Journal of Parallel and Distributed Computing",
  volume = "65",
  number = "9",
  pages = "1108 - 1115",
  year = "2005",
  note = "",
  issn = "0743-7315",
  doi = "http://dx.doi.org/10.1016/j.jpdc.2005.03.010",
  url = "http://www.sciencedirect.com/science/article/pii/S0743731505000560",
  author = "Lisandro Dalcín and Rodrigo Paz and Mario Storti",
  keywords = "Message passing",
  keywords = "MPI",
  keywords = "High level languages",
  keywords = "Parallel Python"
}

@article{Dalcin2008,
  title = "MPI for Python: Performance improvements and MPI-2 extensions",
  journal = "Journal of Parallel and Distributed Computing",
  volume = "68",
  number = "5",
  pages = "655 - 662",
  year = "2008",
  note = "",
  issn = "0743-7315",
  doi = "http://dx.doi.org/10.1016/j.jpdc.2007.09.005",
  url = "http://www.sciencedirect.com/science/article/pii/S0743731507001712",
  author = "Lisandro Dalcín and Rodrigo Paz and Mario Storti and Jorge D’Elía",
  keywords = "Message passing",
  keywords = "MPI",
  keywords = "High-level languages",
  keywords = "Parallel Python"
}

@ARTICLE{Lusk1996,
    author = {Ewing Lusk and Nathan Doss and Anthony Skjellum},
    title = {A high-performance, portable implementation of the MPI message passing interface standard},
    journal = {Parallel Computing},
    year = {1996},
    volume = {22},
    pages = {789--828}
}
